<?xml version="1.0" encoding="UTF-8"?><collection xmlns="http://www.loc.gov/MARC21/slim"><record><leader>00488nam--2200193-u-4500</leader><controlfield tag="001">000056791</controlfield><controlfield tag="002">20190711</controlfield><controlfield tag="005">20190711040716</controlfield><controlfield tag="008">190711s1000------------r-----000-0-rum-d</controlfield><datafield ind1=" " ind2=" " tag="040"><subfield code="a">IFIN-HH</subfield></datafield><datafield ind1=" " ind2=" " tag="041"><subfield code="a">rum</subfield></datafield><datafield ind1="1" ind2=" " tag="100"><subfield code="a">Manea, Constantin</subfield></datafield><datafield ind1="1" ind2="0" tag="245"><subfield code="a">Unitati de masura</subfield></datafield><datafield ind1=" " ind2=" " tag="250"><subfield code="a">Editia a II-a revazuta si adaugita</subfield></datafield><datafield ind1=" " ind2=" " tag="260"><subfield code="a">Bucuresti</subfield><subfield code="b">Editura Militara</subfield><subfield code="c">1968</subfield></datafield><datafield ind1=" " ind2=" " tag="300"><subfield code="a">238 p</subfield></datafield><datafield ind1=" " ind2=" " tag="500"><subfield code="a">Donatie Dan Brancus</subfield></datafield><datafield ind1=" " ind2=" " tag="852"><subfield code="a">82736</subfield><subfield code="c">148189</subfield></datafield><datafield ind1=" " ind2=" " tag="CAT"><subfield code="a">SYS</subfield><subfield code="c">20190711</subfield><subfield code="h">040716</subfield></datafield></record></collection>